2454 3840
58 207 97 270 ΙΙ.
112 221 134 268 2.
152 205 247 290 12-31]
372 241 376 248 ·
411 205 712 268 MOSTELLARIA
1025 214 1060 268 21

59 365 127 428 TR.
149 365 250 426 Nimio
271 364 377 446 edepol
398 367 445 427 iile
466 366 562 446 potuit
582 364 778 445 exspectdtior

59 463 179 538 Venire,
202 465 251 543 qui
272 475 301 526 te
322 463 466 527 ndntiaret
487 464 645 526 mortuom.

60 561 132 621 TH.
156 561 213 622 Sed
235 563 404 642 quidhoc?
447 561 574 625 Occlusa
595 562 709 624 innuast
730 561 879 625 interdius.

58 660 191 722 Pultsbo.
233 663 330 736 Heus,
352 664 450 741 ecquis
470 664 579 723 Inlust?
607 661 741 754 Aperitin
762 661 850 724 foris?
1013 684 1063 736 445

59 759 128 820 TR.
150 759 224 834 Quis
245 760 373 835 homost,
396 763 445 840 qui
467 770 584 822 nostras
604 761 685 822 addis
706 762 829 823 accessit
849 762 960 840 prope?

60 857 131 918 TH.
155 857 243 922 Meus
265 858 368 921 seruos
388 859 584 939 hicqnidemst
606 858 727 921 Tranio.

566 957 634 1018 TR.
657 958 685 1022 0
706 958 921 1038 Theordpides,

60 1058 128 1130 Ere,
150 1055 246 1119 sdlue:
276 1056 390 1117 saluom
410 1067 439 1118 te
459 1057 613 1119 dduenisse
633 1056 757 1135 geddeo.

59 1156 176 1236 Vsquin
197 1156 333 1217 uoluisti?

92 1236 150 1256 ’ὠ
264 1252 337 1316 ΤΗ.
359 1252 469 1333 Vsque,
492 1250 637 1316 druides.

576 1351 645 1415 TR.
669 1351 792 1414 Factum
813 1351 941 1432 6ptume.
1051 1373 1056 1383 ·

59 1452 132 1516 TH.
155 1451 236 1527 Quid
257 1450 320 1526 uos,
343 1452 458 1514 insanin
480 1449 569 1512 estis?
767 1452 768 1455 ’

508 1549 574 1610 TR.
596 1550 749 1647 Quidum?

691 1648 761 1708 TH.
785 1649 841 1724 Sic,
864 1650 932 1727 quia
1014 1673 1066 1724 45ο

58 1748 141 1811 Foris
162 1746 332 1810 ambulatis:
363 1745 449 1809 ninus
470 1765 559 1808 nemo
579 1746 609 1806 in
631 1745 752 1808 aedibus

60 1847 169 1935 semin,
192 1866 288 1926 neque
309 1848 358 1926 qni
379 1843 508 1907 reclr'rdat
530 1863 627 1923 neque
649 1845 834 1923 respondeat.

59 1945 204 2008 Pultdndo
225 1966 318 2025 paene
341 1944 472 2023 confregi
493 1945 580 2006 hasce
601 1943 702 2006 ambds
711 1947 803 2023 senti.

59 2045 127 2106 TR.
148 2043 222 2119 Eho,
244 2064 282 2106 an
304 2044 335 2106 tri
358 2045 474 2123 tetigisti
495 2044 548 2104 has
569 2041 669 2104 aedis?
1013 2070 1063 2120 454

508 2142 579 2204 ΤΗ.
601 2143 687 2217 Quor
709 2163 769 2205 non
791 2141 968 2223 tdngepem?
1016 2169 1066 2220 455

58 2245 140 2320 Quin
160 2243 339 2323 pultando,⁸
332 2261 460 2322 inquam,
481 2240 574 2321 paene
596 2243 729 2321 confregi
749 2243 825 2304 foris.
1188 2250 1217 2306 t.

60 2343 127 2404 TR.
151 2342 326 2422 Tetigistin?
1182 2389 1221 2445 Μ

213 2439 815 2534 TH.Tetigi,1nquam,etpnltaui.
911 2349 1146 2562 MV&

649 2539 717 2600 TR.
740 2539 817 2601 Vih.

773 2639 843 2700 TH.
865 2639 948 2713 Quid
970 2642 1034 2701 est?
1152 2635 1194 2735 59.

57 2741 124 2803 un.
149 2740 228 2802 nare
249 2738 487 2832 sufflatum.
1020 2717 1073 2804 ,ii
1089 2704 1138 2773 ἵ*
1167 2716 1221 2817 J,-

425 2836 497 2897 un.
520 2836 601 2910 Qun
623 2846 666 2897 est
687 2838 806 2916 negoti?
1110 2786 1174 2861 ‘s
1199 2820 1207 2845 '

754 2936 822 2996 TR.
845 2936 916 2997 Non
937 2947 1035 3015 potest

58 3040 125 3100 Dici
145 3055 234 3118 quarn
256 3037 409 3114 indignum
431 3033 541 3095 sueinus
563 3033 654 3095 fecisti
676 3033 705 3095 et
726 3035 843 3096 maium.

57 3138 129 3198 TH.
154 3135 233 3211 Quid
256 3134 335 3196 idm?
1014 3141 1065 3209 46ο

262 3233 330 3296 TR.
352 3231 442 3309 Fuge,
464 3250 595 3311 opsecro,
618 3229 705 3309 inque
727 3234 852 3312 apscede
875 3236 913 3294 ab
934 3231 1063 3294 aedibus.

58 3335 139 3414 Fuge
159 3331 226 3409 hric,
250 3333 317 3411 suge
338 3331 377 3391 ad
399 3350 446 3392 me
468 3329 597 3409 propius.
641 3329 799 3407 Tetigistin
821 3330 911 3393 foris?

57 3432 129 3495 ΤΗ.
151 3433 223 3508 Quo
243 3431 334 3493 mddo
356 3430 469 3508 pultare
491 3431 582 3509 potui,
605 3431 631 3490 si
652 3447 714 3490 non
735 3428 910 3508 tungerensi
