2454 3840
172 190 210 246 52
592 184 746 245 Pnnvm
981 183 1032 269 [v.
1048 197 1070 244 1.
1088 196 1181 262 34·4⁸

171 343 242 403 TH.
264 327 363 404 Immo
387 343 494 422 edepol
519 345 608 421 neget
633 345 773 423 profecto,
798 343 895 423 neque
922 363 953 405 se
981 345 1070 405 hasce
1098 344 1180 405 aedis

335 441 493 502 Philolachi

171 539 353 603 Vendidisse.
1119 618 1121 622 .

258 639 325 698 TR.
347 638 420 711 Eho,
443 637 482 698 dn
503 640 620 716 negauit
640 639 696 700 sibi
717 641 819 698 datum
841 649 1004 717 argentum,
1027 639 1180 716 opsecro?

171 736 242 797 TH.
265 738 328 813 Qui
349 738 394 796 ius
418 735 571 797 iuranddm
592 737 747 815 pollicitust
768 735 836 831 tigre
857 755 897 809 se,
919 738 943 794 si
963 737 1081 808 uellem,
1104 737 1180 798 mihi

170 835 275 915 Neque
308 854 339 895 se
371 834 458 895 hasce
489 835 569 896 aedis
600 835 767 895 uendidisse
800 834 894 911 neque
927 835 982 894 sibi
1017 833 1179 911 argentum

252 987 257 995 .
333 933 452 993 datum?
1111 944 1179 1006 1085

173 1032 240 1091 TR.
382 1050 396 1083 e
522 1051 536 1083 e

173 1131 240 1191 TH.
263 1130 333 1189 Dixi
354 1149 410 1206 ego
432 1130 504 1189 istuc
526 1131 603 1189 idem
625 1129 674 1189 illi.

577 1225 644 1287 TR.
669 1223 748 1298 Quid
769 1226 830 1284 ait?
887 1238 894 1246 ’

701 1322 774 1382 ΤΗ.
796 1321 902 1381 Βέηιοε
923 1318 1082 1398 pollicitust
1105 1322 1179 1383 dare

170 1421 246 1483 Sdos
266 1422 337 1481 mihi
358 1423 455 1490 omnis
475 1421 647 1499 quaestioni.

535 1519 603 1579 TR.
625 1517 745 1596 Nugas:
774 1535 934 1596 numquam
955 1518 1061 1596 edepol
1084 1519 1176 1580 dabit

170 1617 242 1679 TH.
262 1615 484 1709 Ritproieeto.

342 1715 408 1775 TR.
429 1713 511 1788 Quin
531 1714 591 1774 cita
612 1714 743 1774 illumin
764 1712 817 1773 itis.
860 1714 916 1787 Ibo,
938 1712 1100 1773 inueniitm.

972 1809 1040 1869 TH.
1064 1810 1178 1874 Mane:

170 1897 321 1990 Experiar,
344 1921 377 1972 ut
397 1910 519 1989 opinor;
547 1918 693 1971 certumst.
1109 1934 1179 1985 1090

626 2008 692 2067 TR.
713 1992 803 2067 immo
823 2006 894 2066 mihi
915 2006 1065 2068 hominem
1088 2010 1177 2070 cedo.

170 2107 226 2167 le
245 2106 396 2166 hominem
416 2106 484 2165 iube
504 2106 585 2166 aedis
607 2107 752 2183 mancipio
773 2106 903 2183 poscere.

765 2204 832 2262 TH.
855 2204 924 2263 Hoc
945 2201 1074 2281 primum
1095 2206 1178 2280 uolo,

170 2300 343 2376 Quaestioni
364 2302 497 2379 accipere
519 2319 626 2363 seruos.
651 2299 653 2303 ’

596 2400 664 2460 TR.
686 2398 868 2459 Ficiundum
889 2399 994 2475 edepol
1015 2398 1135 2461 censeo,

173 2497 241 2558 TH.
265 2496 344 2569 Quid
365 2497 390 2554 si
411 2496 495 2573 igitur
516 2514 572 2572 ego
593 2494 740 2557 iccersam
761 2496 915 2557 homines?

63 2661 160 2687 ..ae—
632 2594 700 2654 TR.
722 2593 846 2658 Fictum
867 2596 926 2653 iam
947 2612 1012 2687 egge
1033 2596 1177 2674 oportuit.

169 2675 237 2768 Ego
258 2691 373 2750 interim
394 2689 470 2750 hanc
491 2708 572 2751 aram
594 2690 754 2769 occupabo
777 2673 843 2703 '⁴‘

399 2784 402 2788 ’
658 2789 731 2850 ΤΗ.
752 2789 833 2862 Quid
854 2790 915 2848 ita?

758 2887 826 2949 TR.
849 2886 966 2946 Nullam
987 2887 1052 2946 rem
1074 2892 1179 2968 sapis:

21 3021 23 3028 ,
54 3047 56 3051 ,
169 2981 217 3042 Ne
254 2981 334 3042 enim
373 2981 413 3041 illi
451 2979 507 3040 huc
548 2981 705 3060 confligere
742 2984 856 3060 possint
894 2983 1058 3063 quaestioni
1098 2989 1179 3064 quos

332 3078 419 3138 dabit.
1109 3107 1180 3163 1095

170 3178 229 3237 Hic
251 3195 308 3254 ego
328 3177 381 3236 tibi
400 3173 582 3253 praesidebo,
603 3194 641 3236 ne
662 3178 806 3238 interbitat
827 3178 967 3256 quaestio
1112 3187 1114 3191 ’

170 3273 242 3334 un.
265 3273 366 3350 surge.
737 3250 831 3281 “⁷

291 3369 360 3430 TR.
382 3370 523 3430 Minume.
