2454 3840
157 29 227 155 ἓ(

116 170 545 278 111.'a24-2s;1v.2.24-30]
601 194 903 257 uosrnumnm
1081 205 1118 259 43

106 336 189 444 W.
212 352 262 414 Sat
283 354 376 432 sapio,
398 354 422 414 si
443 373 496 433 aps
517 353 546 414 te
566 353 657 414 modo
677 373 737 415 uno
758 354 857 415 caneo.
998 377 1057 430 927,
1069 368 1120 429 928

768 453 843 513 TR.·
858 454 973 513 Tecum
996 453 1098 513 sentio.

120 548 187 609 ΤΗ.
208 547 465 764 NQ:
480 550 527 610 dic
549 567 597 610 me
618 549 771 610 aduenisse
792 535 954 609 illios*

747 647 815 706 TR.
821 648 967 805 Faciam
976 645 1008 706 rit
1029 649 1119 707 iubes.

115 939 203 1003 Nunc
219 960 276 1019 ego
292 961 340 1002 me
359 941 424 1002 illac
445 940 498 1020 per
516 942 661 1020 posticum
680 941 717 1002 ad
735 941 932 1018 cdngerrones
951 942 1116 1001 c6nseram:

115 1039 221 1101 Dicam
241 1051 273 1100 ut
297 1041 365 1099 hinc
389 1059 436 1100 res
461 1040 518 1100 slnt
543 1041 657 1118 quietae
681 1052 768 1118 atque
792 1039 870 1099 hrinc
891 1051 923 1099 ut
945 1040 1013 1100 hinc
1036 1042 1117 1099 amd-

278 1157 379 1198 uenm.

115 1432 189 1495 PH
222 1432 281 1493 Hic
313 1432 431 1512 quidem
466 1450 562 1510 neque
595 1430 787 1492 cdnuiuarum
823 1431 952 1503 sdnitust,
987 1434 1054 1491 item
1086 1443 1118 1491 ut

278 1530 400 1591 antehac
422 1530 484 1603 suit,

115 1629 220 1709 Neque
241 1628 392 1690 tibicinam
410 1637 577 1689 cantantem
600 1584 696 1706 neque
717 1627 805 1687 alium
824 1646 1001 1706 quemquam
1022 1626 1118 1687 aridio.

116 1728 187 1790 TH
210 1728 296 1802 Quae
317 1729 398 1788 illaec
423 1746 469 1788 res
492 1729 556 1787 esti
599 1726 680 1799 Quid
705 1727 793 1786 illisce
819 1727 953 1787 homines
977 1726 1118 1804 quaerunt

280 1825 358 1905 apud
380 1826 461 1886 aedis
481 1828 583 1885 meas?
1070 1848 1117 1898 935

117 1926 197 2000 Quid
220 1925 341 1985 uolunt?
383 1924 464 1997 Quid
486 1925 719 2001 introspectant?

605 2023 696 2083 PIN.
719 2023 843 2100 Pergam
865 2023 977 2100 pultare
999 2022 1116 2082 (istium.

117 2122 210 2198 Heris,
232 2123 368 2184 reclude·
397 2123 479 2195 heus,
501 2121 623 2193 Tranio,
645 2122 771 2182 etiamne
792 2121 906 2198 aperis?

640 2219 712 2278 TH.
734 2221 819 2294 Quae
841 2220 912 2278 haec
933 2231 976 2279 est
998 2219 1117 2280 sabula?

116 2320 208 2381 PIN.
231 2304 366 2380 Etiamne
384 2319 498 2396 aperis?
540 2317 723 2378 Callidamati
742 2319 842 2378 ndstro
862 2319 1021 2377 aduorsum
1036 2317 1117 2376 ueni-

278 2435 353 2480 mus

118 2517 190 2578 TH.
215 2513 300 2576 Heus
321 2534 384 2589 uos,
405 2515 496 2594 pueri,
518 2515 590 2593 quid
612 2515 675 2574 istic
697 2515 803 2591 agitis?
847 2514 928 2586 Qud
949 2515 1018 2573 istas
1039 2516 1119 2574 aedis

280 2613 432 2691 frangitis?
679 2656 681 2661 ι

117 2713 193 2774 ΡΗ.
214 2712 298 2773 Ηιάε
329 2730 427 2785 senex,
456 2710 528 2789 quid
556 2708 587 2770 td
615 2720 785 2787 percontare
817 2709 854 2769 ad
881 2721 909 2770 te
939 2711 1017 2788 quod
1046 2712 1118 2769 nihil

283 2809 405 2870 attinet?
1068 2833 1119 2882 940

122 2910 189 2971 YH
212 2908 293 2969 Nihil
315 2907 352 2969 ad
373 2926 420 2968 me
441 2907 562 2967 attinet?

433 3005 507 3065 PH.
530 3005 595 3064 Nisi
616 3006 691 3065 sorte
711 3005 812 3065 ιιοιιιέ
833 3001 993 3098 praefectus
1014 3022 1117 3074 nouos,

118 3107 183 3181 Qui
202 3123 248 3166 res
269 3102 377 3165 alienas
397 3122 543 3182 procures,
565 3103 695 3180 quaeras,
717 3105 824 3173 uideas,
847 3103 955 3162 audias.

123 3205 191 3266 TH.
212 3203 572 3310 Qffffi.
584 3203 680 3261 ubit
655 3203 743 3261 statis.

569 3302 634 3360 PH
656 3301 738 3374 Qud
709 3301 822 3359 lais?
850 3297 966 3357 aniam
988 3289 1117 3351 uendidit

119 3401 213 3464 Aedis
226 3398 437 3464 Philolaches?
460 3409 510 3459 aut
530 3398 677 3477 quidem
669 3411 722 3458 rste
742 3398 797 3456 n6s
815 3388 1000 3454 deirustrauir
1018 3402 1116 3447 senex
