2454 3840
153 191 191 245 ae
574 185 727 248 PLAVTI
810 196 814 200 ·
909 169 980 270 [111.
994 203 1019 249 2.
1037 201 1157 266 140-158

154 340 221 402 TR.
243 340 452 419 Quopropter?
1106 356 1137 406 82
1143 370 1158 422 5

309 436 382 499 ΤΗ.
403 439 483 512 Quia
503 437 607 518 odepol
628 442 717 502 ambo
738 441 777 501 ab
798 441 911 503 insumo
932 441 1040 535 mimos
1060 455 1157 504 secat:

157 536 224 598 TR.
245 522 472 615 lntempestiuos
492 540 607 598 excisos
628 536 732 613 crod03
745 582 748 585 -
761 538 977 621 ithiom
998 550 1097 602 nocet.

153 634 253 715 Atque
273 636 362 696 etiam
382 652 462 697 nunc
483 635 552 697 sotis
573 637 644 697 boni
665 647 741 712 sunt,
763 639 789 697 sl
811 648 877 697 sunt
898 624 1011 699 inducti
1030 639 1105 716 pice.

155 733 225 794 Non
247 734 326 825 enim
347 733 419 793 haec
440 734 599 822 puthgus
619 735 727 828 (ψει
748 734 838 813 opera
859 735 926 796 lecit
948 736 1096 797 borbarus.
1201 766 1212 781 ·

153 831 253 892 Viden
275 842 448 910 coagmenta
468 833 499 892 in
521 831 653 892 loribus?
854 844 857 848 ·

563 929 634 989 ΤΗ.
657 929 762 990 Video.

592 1028 659 1088 TR.
682 1027 789 1107 Spocta
809 1045 899 1108 quam
920 1040 981 1126 apte
1002 1029 1161 1114 dormiunt.

155 1125 226 1189 TH.
248 1124 425 1186 Dormiunt?
1110 1140 1162 1200 830

395 1222 462 1284 TR.
484 1221 560 1284 Illdd
580 1223 708 1303 quidem,
729 1235 761 1285 ut
782 1225 928 1310 corduent,
950 1226 1030 1286 uolui
1052 1227 1161 1287 dicere.

156 1323 238 1385 setin
261 1323 373 1387 habes?

240 1421 266 1480 Ἰ
265 1421 308 1483 Η.
328 1421 369 1481 Vt
382 1421 525 1512 unid
538 1421 633 1500 magis
648 1420 842 1499 contomplor,
856 1431 938 1483 tanto
949 1422 1044 1501 mogis
1057 1423 1163 1500 placet.

156 1519 226 1580 TR.
248 1520 346 1580 Viden
366 1520 478 1598 pictum
497 1521 547 1580 ubi
567 1520 697 1582 ludificat
713 1540 773 1581 una
790 1521 892 1582 cornix
906 1521 1049 1582 uolturios
1065 1521 1163 1583 duos?

156 1619 229 1679 TH.
251 1618 321 1678 Non
342 1619 448 1695 edepol
468 1619 565 1679 uideo.

378 1716 443 1776 TR.
465 1703 506 1776 Ᾰῑ
527 1735 583 1794 ego
604 1716 707 1777 uideo:
737 1735 806 1777 nam
828 1719 903 1779 inter
922 1718 1064 1779 uolturios
1086 1718 1164 1778 duos

157 1815 269 1876 Cornix
291 1824 381 1875 astat:
409 1813 445 1874 oa
465 1814 606 1875 uolturios
628 1813 702 1875 dulos
723 1816 851 1876 uicissim
873 1814 997 1876 uollicat.

156 1912 277 1987 Quaoso
302 1911 423 1992 hucjjad
447 1912 631 1994 messspocta,
656 1915 805 1975 cornicem
833 1913 865 1974 tit
892 1914 1064 1991 conspicere
1094 1914 1166 1993 pos·

321 2013 383 2070 sies
1112 2022 1164 2086 835

157 2111 221 2172 lom
242 2110 345 2171 uides?

240 2209 310 2270 TH.
334 2208 469 2269 Profocto
489 2209 600 2269 nullam
620 2209 757 2286 equidem
778 2209 836 2269 sslic
858 2209 1006 2271 cornicem
1028 2209 1137 2301 indtuor.

159 2308 227 2370 TR.
249 2295 289 2368 Ᾰῐ
309 2318 340 2368 tu
362 2309 417 2368 isto
440 2307 478 2366 ad
498 2325 553 2368 uos
575 2308 703 2386 optuere,
724 2307 866 2387 quoniam
886 2305 1033 2368 cornicem
1057 2308 1168 2386 nequis

159 2407 341 2485 Conspicati,
363 2407 389 2468 sl
408 2407 546 2467 uoltun'os
567 2406 641 2468 sorte
662 2407 756 2484 possis
776 2407 885 2467 contui.

158 2506 229 2567 ΤΗ.
251 2491 391 2579 Omnino,
406 2514 438 2565 ut
456 2515 483 2566 te
505 2505 665 2595 apsoluem,
684 2505 795 2565 nullam
807 2481 923 2583 plctam
942 2504 1096 2582 conspicio
1116 2504 1169 2567 hle

329 2583 534 2607 δυ’-’ν

321 2622 414 2665 auem.

159 2702 227 2763 TR.
248 2688 338 2784 Age}¹
351 2699 533 2784 iamjjmitto.
584 2701 728 2778 Ignosco:
761 2709 854 2762 aetate
878 2700 939 2760 non
965 2700 1031 2778 quis
1060 2702 1169 2797 opt-uo-

322 2801 385 2873 u'91.
1116 2809 1170 2875 840

160 2899 231 2960 TH.
256 2897 349 2972 Hadc,
374 2917 450 2977 quae
479 2915 609 2976 possum,
634 2916 670 2958 ee
694 2897 764 2957 mihi
790 2897 918 2976 prolecto
942 2894 1050 2957 concta
1075 2897 1171 2960 uehe-

324 2995 438 3057 mentor
458 2997 582 3074 placent.
1170 3008 1173 3013 ’

162 3097 207 3157 81.
230 3094 330 3156 Lotius
351 3095 496 3154 demumst
516 3093 623 3172 operae
644 3094 768 3170 pretium
789 3093 884 3153 inisse.

308 3168 415 3196 N

715 3190 787 3251 TH.
808 3191 899 3251 Recte
920 3189 1027 3268 edepol
1048 3209 1171 3258 moneo.

163 3295 207 3358 Sl.
229 3277 305 3368 Eho,
320 3295 417 3367 istum,
433 3311 530 3374 puege,
546 3290 729 3351 circumduce
748 3290 837 3349 hasce
856 3287 935 3348 aedis
954 3297 982 3349 et
1002 3291 1173 3355 conclouin

154 3395 239 3456 Nem
254 3393 373 3476 ogomet
387 3390 545 3465 ducterom,
561 3389 616 3450 nisi
637 3389 678 3448 mi
696 3396 771 3448 esset
790 3386 867 3465 opud
887 3386 981 3448 sonim
1001 3388 1174 3467 negotium.
1221 3460 1224 3465 ,
