2454 3840
167 217 205 271 22
591 207 745 268 PLAVTI
770 199 773 203 ’
973 205 1064 290 [HAu
1083 159 1170 283 ,ιι-ἐι

166 367 233 426 TR.
256 367 397 429 Occidisti
416 367 553 428 hercle-
715 435 718 441 ,
985 457 989 462 p

446 555 448 559 Ι
494 466 564 559 ΤΗ.
586 463 685 540 Quem
708 466 881 527 mortalem?

820 564 888 624 TR.
910 564 1017 626 Omnis
1037 572 1114 624 tuos.

166 663 239 724 ΤΗ.
259 663 298 723 Di
320 663 349 724 te
371 662 504 743 deaeque
524 682 627 725 omnes
637 661 743 743 fixint
764 682 849 747 epm
853 664 925 722 istoc
945 660 1087 722 omine-

168 762 237 823 TR.
259 761 373 834 Metuo,
393 772 421 823 te
442 773 531 843 atque
551 765 623 823 istos
644 762 762 840 expiare
782 772 814 822 ut
834 763 955 840 possies.
1015 803 1017 805 -
1118 771 1171 836 465
1212 779 1215 783 ·

167 846 238 920 ΤΗ.
259 861 358 935 Quam
378 863 419 921 ob
440 864 521 922 rem?
550 849 605 922 aut'
621 850 711 940 quam
732 862 830 922 subito
851 860 914 921 rem
933 860 1004 920 mihi
1028 858 1172 939 adportes

325 951 459 1021 nouam?

354 1059 369 1091 *
476 1060 490 1093 1(
596 1059 610 1092 ii
716 1056 731 1091 *
837 1054 852 1089 ᾗ
959 1057 974 1089 ἢ

40 1157 234 1245 ssTR.
256 1157 303 1233 Et,
325 1157 406 1232 heus,
427 1159 495 1218 iube
516 1158 580 1217 illos
602 1157 679 1217 illinc
700 1158 789 1247 ambo
810 1149 974 1235 apscedere.

164 1255 236 1316 TH.
256 1255 422 1350 Apscedite.
520 1255 526 1275 '

370 1344 438 1415 TR.
459 1355 551 1416 Aedis
571 1347 610 1415 ne
630 1354 762 1446 itijgpus.
804 1353 1005 1498 HQ.

168 1454 230 1515 Vos
252 1454 371 1557 quoque
391 1465 507 1515 terram
1105 1491 1108 1496 -

396 1518 521 1613 ΤΗ.
550 1541 682 1633 Opsecro
702 1552 808 1627 hercle,
829 1553 900 1633 quin
921 1554 1139 1632 †eloquere.

165 1651 234 1712 TR.
256 1651 334 1726 Quia
368 1651 481 1730 septem
516 1671 632 1712 menses
668 1650 743 1728 sunt,
778 1671 869 1730 quom
904 1654 934 1711 in
963 1652 1048 1712 hasce
1086 1652 1172 1711 aedis

328 1747 434 1825 pedem
1118 1767 1172 1823 470

166 1844 264 1906 Nemo
284 1847 362 1906 intro
381 1845 481 1927 tetulit,
503 1844 593 1906 semel
613 1856 645 1905 ut
665 1840 881 1942 emigriuimus.
1091 1839 1094 1844 ’

66 1924 170 2036 s
165 1943 238 2006 ΤΗ
260 1945 415 2023 Eldquere‚
437 1945 508 2023 quid
530 1946 588 2005 ita?

534 2042 602 2104 TR
625 2034 913 2120 Circumspicedum:
942 2038 1081 2119 numquis
1103 2053 1159 2118 est,

167 2141 340 2204 Sermonem
363 2150 494 2201 nostrum
516 2143 573 2220 qui
586 2139 733 2256 'euicupeti

437 2252 440 2256 ’
655 2241 727 2302 ΤΗ.
750 2238 864 2301 Tutum
886 2240 1045 2318 probest.
1049 2255 1073 2260 ”

166 2341 234 2401 TR
256 2339 526 2422 Circumspice
478 2341 574 2400 etiam.

472 2439 543 2500 ΤΗ.
565 2437 707 2499 Nemost:
736 2430 856 2516 loquere
877 2435 1023 2528 nunciam.

128 2608 130 2611 ¹
166 2538 234 2598 TR.
257 2537 342 2617 Capit
331 2537 395 2598 tilis
417 2538 514 2599 caedis
534 2537 593 2598 sict
582 2547 647 2597 t.ast

534 2636 604 2696 TH.
629 2636 699 2697 Non
721 2636 867 2714 intellego.
1115 2657 1168 2713 475

167 2737 234 2798 TR.
258 2736 358 2798 Scelus
379 2737 499 2814 inquam
521 2736 665 2809 factumst,
686 2735 744 2796 iim
767 2736 816 2795 diu
837 2735 988 2814 antiquom
1010 2732 1039 2793 et
1060 2744 1160 2796 uetus.

170 2832 238 2892 TH.
260 2832 443 2910 Antiquom?
481 2831 547 2890 TR.
569 2830 604 2889 Id
618 2830 692 2890 adeo
706 2830 761 2890 uos
776 2849 855 2891 nune
869 2810 977 2890 rausum
991 2827 1172 2894 inuenimus

87 2970 88 2975 κ
167 2930 239 2991 ΤΗ.
262 2929 342 3003 Quid
362 2926 437 2990 iside
458 2938 503 2989 est
524 2929 644 2990 sceleris
666 2927 715 2989 aut
736 2930 801 3008 quis
822 2930 852 2989 id
872 2929 958 2991 iecit?
986 2929 1071 2990 cedo

167 3030 234 3091 TR.
256 3028 377 3106 Hospes
398 3029 514 3089 uecauit
535 3026 681 3106 hospitem
702 3026 819 3107 capum
840 3046 946 3089 manu:
1172 3087 1174 3091 ,

167 3130 236 3203 Iste,
259 3127 290 3188 ιἰι
312 3146 370 3204 ego
390 3129 503 3205 opinor,
526 3128 575 3205 qui
596 3126 649 3186 his
671 3128 722 3186 tibi
744 3127 824 3188 aedis
844 3125 984 3188 uendidit.
1118 3133 1176 3206 480

167 3227 238 3288 TH.
254 3225 405 3286 Neciuit?
483 3242 485 3247 ·

353 3324 421 3385 TR.
443 3323 614 3403 Aurumque
635 3323 662 3384 ei
683 3322 791 3385 ademit
812 3323 920 3403 hospiti

162 3426 303 3503 Eumque
324 3426 371 3484 hic
384 3424 502 3485 :defodit
523 3420 670 3501 hospitem
684 3423 799 3484 ‘ibidem
820 3424 851 3483 in
864 3423 999 3493 ‘aedibus
1066 3433 1071 3456 ·’

674 3524 839 3570 ,υ--Μ
