2454 3840
59 190 97 251 v.
113 203 134 250 1.
169 187 252 271 s-n]
384 188 686 250 uosusmnum
980 158 983 164 ’
1021 194 1056 250 51

10 346 14 351 ’
60 329 130 424 Ego
151 346 230 406 illum
251 357 319 408 ante
340 346 420 406 aedis
441 343 642 424 praestolabor
663 343 875 407 ludificatorem
896 363 1006 418 meum,

59 443 176 518 Quoius
197 464 254 522 ego
275 445 363 505 hodie
384 442 555 504 lridificabor
576 444 697 516 corium,
719 444 744 502 si
765 443 844 516 uiud,
866 446 968 523 probe.

62 543 130 603 TR.
154 542 214 603 Res
241 543 373 620 palamst.
425 541 514 602 Nune
542 540 570 601 te
598 541 696 602 uidere
723 541 846 616 meliust,
876 542 947 620 quid
976 561 1056 621 agas,

222 640 343 700 Trinio.
774 648 777 653 ’

62 739 131 798 ΤΗ.
153 739 249 801 Ddcte
278 748 364 816 atque
394 747 456 798 astu
486 739 558 797 mihi
587 738 792 817 captandumst
822 737 891 798 erim
920 739 977 811 illo,
1008 739 1058 797 ubi

221 837 278 898 huc
299 836 455 897 adueneria

58 935 130 997 Non
151 954 208 1014 ego
232 936 272 994 illi
296 934 443 1012 extemplo
464 934 585 996 hamum
609 935 780 996 ostendam:
810 932 918 994 sensim
943 935 1056 1006 mittam

222 1034 339 1094 lineam.
834 1017 872 1032 ν
992 1052 1057 1110 ¹⁰70

57 1131 258 1192 Dissimulabo
278 1148 326 1191 me
346 1130 452 1190 horum
474 1131 630 1210 quicquam
652 1132 736 1191 scire.

619 1227 683 1287 TR.
706 1229 734 1288 Ο
755 1227 909 1288 mortalem
929 1229 1056 1290 malum:

56 1309 138 1388 diter
158 1328 214 1388 hoc
235 1325 357 1387 Athenis
378 1345 466 1386 nemo
487 1326 600 1387 doctior
621 1326 680 1387 orer
699 1336 801 1404 potest.

56 1424 157 1486 Verba
180 1426 219 1485 illi
244 1443 305 1486 non
329 1424 424 1503 magis
448 1424 517 1485 dare
542 1425 628 1486 hodie
654 1426 809 1504 quisquam
835 1424 1057 1504 quarn-lapidi

219 1534 324 1603 potest.
483 1580 486 1584 Α

57 1609 222 1701 Adgrediar
242 1621 410 1682 hominem:
440 1620 602 1699 appellabo.

444 1719 516 1780 TH.
540 1717 627 1779 Nriuc
641 1737 697 1796 ego
712 1719 758 1779 ille
772 1720 829 1781 huc
843 1719 941 1782 ueniat
955 1720 1054 1783 uelim.

57 1817 125 1878 TR.
148 1816 299 1897 Siquidem
323 1818 373 1896 pol
397 1834 445 1878 me
470 1817 592 1896 quaeris,
615 1817 719 1877 adsum
744 1818 882 1894 praesens
909 1821 1055 1896 praesenti

218 1916 279 1975 libi.
990 1936 1053 1993 1075

55 2012 126 2074 ΤΗ.
148 2009 241 2092 Erige,
261 2013 381 2073 Tranid.
422 2013 504 2086 Quid
524 2013 636 2090 agitur?

64 2178 68 2183 Ι
265 2178 267 2182 Ι
322 2158 326 2166 .
593 2109 660 2170 TR.
683 2108 813 2170 Vdniunt
833 2129 898 2170 rure
918 2107 1031 2171 rustici:

55 2207 238 2270 Philolaches
259 2209 317 2269 iarn
338 2209 385 2269 hic
407 2208 505 2272 aderit.

371 2306 442 2367 TH.
463 2304 578 2384 Edepol
598 2307 630 2368 ld
650 2306 721 2365 mihi
741 2316 902 2383 opportune
923 2304 1051 2365 aduenis.
1078 2286 1099 2297 ‘
1214 2261 1217 2268 ⁸

56 2401 197 2463 Nostrum
217 2423 274 2481 ego
292 2404 368 2464 hunc
388 2404 517 2465 uicinum
536 2405 642 2482 opinor
659 2403 723 2463 esse
743 2403 892 2462 hominem
911 2403 1051 2463 audacem

217 2501 246 2562 et
266 2503 386 2562 malum.

55 2599 122 2662 Tu
144 2599 299 2681 Quidum?

53 2943 58 2950 .
743 2888 815 2950 TH.
839 2887 903 2950 Nec
923 2890 978 2951 uos
999 2891 1051 2951 sibi

54 2989 213 3052 Nummum
233 3007 375 3069 umquam
395 2989 508 3067 argenti
528 2986 650 3049 dedisse.
987 2999 1051 3048 1080

410 3087 477 3147 TR.
499 3087 567 3160 Abi,
580 3083 655 3147 hidis
670 3103 735 3148 me:
758 3084 846 3167 credo
860 3083 939 3146 harid
953 3095 1049 3163 negat.

52 3184 125 3248 TH.
146 3186 229 3261 Quid
249 3186 328 3246 iam?

257 3280 325 3344 TR.
348 3281 423 3356 Soio,
446 3279 550 3341 iocaris
573 3296 653 3343 nunc
678 3292 727 3342 tu:
757 3296 827 3341 nam
849 3280 897 3341 ille
921 3278 1049 3359 quidem,

336 3381 425 3451 credo,
447 3376 526 3440 baud
546 3380 642 3456 negat.

533 3494 550 3534 u
567 3494 581 3532 a
