2454 3840
109 156 131 214 ι.
143 169 164 215 1.
177 153 276 238 ..o-⁶1]
462 154 763 217 urosrnumnm

108 312 240 374 Antehac
260 322 304 374 est
325 311 440 373 habitus
461 312 566 392 pireus
587 332 641 374 nec
663 314 755 391 magis
777 313 939 387 continens,

110 414 139 472 Is
161 409 242 472 nunc
263 413 292 471 in
314 411 401 471 aliam
421 410 535 491 partem
556 412 683 489 palmam
704 412 874 490 possidet-

108 509 220 571 Viruite
241 511 270 570 id
291 511 399 571 iactum
420 508 470 570 uia
490 521 520 571 et
540 511 707 589 magisterio
729 521 788 574 tuo.

108 609 175 670 TR.
197 609 277 683 Quid
299 610 357 683 iibi,
380 610 498 682 malum,
510 629 579 704 Q
597 620 646 670 aut
654 612 933 704 Q,
932 611 1111 696 jugaiiqsg?

108 710 156 768 An
178 706 235 768 ruri
256 727 365 786 quaeso
387 708 447 767 n6n
469 718 535 768 sunt
556 727 630 787 quos
651 709 735 771 cures
756 711 866 770 boues?
1081 734 1111 784 35

109 806 205 866 Lubet
226 818 336 883 potare,
358 805 465 880 amite,
488 816 583 867 scorta
604 806 726 868 ducere:

110 905 172 965 Mei
194 904 269 982 tergi
290 904 366 964 iacio
387 905 467 976 haec,
489 905 550 964 ιιόιι
572 907 613 964 tui
634 903 747 992 milicia.

110 1004 176 1064 GR.
199 1003 298 1077 Quam
316 1002 496 1063 confidenter
513 1003 657 1081 loquitur!
682 1006 746 1065 iuei
790 1004 857 1065 TR.
880 1005 918 1065 At
938 1015 965 1066 te
983 1003 1112 1082 Iuppiter

110 1103 207 1180 Dique
228 1103 332 1161 6mnes
352 1101 491 1179 perdant:
520 1103 655 1163 oboluisti
676 1102 774 1176 ilium,

111 1197 272 1281 (Germana
293 1200 422 1273 inluuies,
445 1198 578 1274 rusticus,
600 1200 706 1274 hircus,
729 1201 799 1261 hara
820 1199 959 1281 suis),
1082 1227 1116 1276 4ο

111 1298 224 1359 Canem
247 1317 335 1377 capra
355 1300 554 1359 commistam.
597 1299 664 1360 GR.
687 1299 767 1373 Quid
788 1298 849 1359 uis
853 1299 939 1359 sieri?

112 1396 182 1457 Non
204 1398 308 1457 6mnes
329 1406 453 1474 possunt
474 1369 552 1458 olere
573 1409 724 1475 unguenta
744 1398 865 1471 exotica,

114 1497 143 1556 Si
165 1494 196 1555 ui
217 1497 287 1568 oles,
310 1514 406 1574 neque
428 1496 560 1573 superior
581 1515 669 1575 quam
690 1515 758 1558 erus
778 1495 961 1569 accumbere,
1084 1522 1117 1572 43

113 1594 218 1673 Neque
240 1593 300 1654 tam
321 1594 421 1654 facetis
442 1593 532 1671 quim
554 1605 585 1654 ιιι
607 1596 681 1655 uiuis
703 1596 835 1656 uictibus.
1085 1621 1119 1671 45

112 1694 160 1753 Tu
181 1694 234 1753 tibi
254 1694 325 1753 istos
346 1693 455 1752 habeas
476 1692 605 1767 uiriures,
629 1695 724 1772 piscis,
747 1695 827 1756 auis:
1027 1702 1071 1769 46,
1087 1715 1119 1770 47

115 1793 183 1852 Sine
205 1810 252 1851 me
274 1791 369 1852 ileato
390 1789 471 1868 fingi
493 1791 625 1851 fortunis
646 1811 735 1851 meas.

114 1891 163 1950 Tu
186 1887 364 1962 fortunatus,
385 1889 442 1967 ego
463 1890 565 1950 miser:
578 1874 733 1968 *pafi'tin'c'l'a
755 1900 831 1951 sunt.

114 1986 217 2048 Meum
238 1991 350 2048 bonum
371 2006 428 2062 me,
451 1986 479 2048 ῑέ
500 1998 581 2049 tuom
603 1987 719 2049 mancii
740 1988 858 2054 muium.
1088 2014 1119 2065 50

115 2086 184 2146 TR.
206 2086 299 2160 Quasi
321 2084 452 2146 inuidere
473 2086 545 2145 mihi
565 2087 621 2147 hoc
643 2087 751 2161 uidere,
773 2085 906 2161 Grumio,

116 2185 195 2259 Quia
215 2185 287 2244 mihi
308 2186 410 2245 benest
430 2193 459 2244 et
480 2186 531 2244 iibi
553 2163 964 2262 malest‘bignissumumst.

115 2283 208 2346 Decii
229 2301 277 2344 me
298 2301 395 2342 amare
417 2293 446 2344 et
466 2283 494 2343 te
516 2282 726 2356 bubulcitirien

117 2383 168 2442 Me
189 2382 321 2442 uictitare
341 2380 469 2459 pulchre,
492 2392 521 2441 te
543 2382 654 2442 miseris
675 2382 778 2443 modis.

116 2481 184 2542 GR.
206 2480 234 2541 O
254 2479 445 2540 carnuficium
467 2481 602 2553 cribrum,
626 2480 706 2558 quod
726 2478 815 2540 credo
835 2479 912 2540 fore:
1087 2507 1119 2557 55

116 2582 162 2641 Ita
183 2579 210 2641 tc
232 2579 368 2639 forabunt
388 2578 579 2667 PQQEUJ
601 2577 737 2657 peruias

118 2679 246 2740 Stimulis
266 2679 428 2757 carnufices,
452 2675 509 2738 hic
531 2678 555 2737 si
576 2677 707 2749 reueniit
729 2695 827 2738 senex.

117 2777 185 2838 TR.
207 2776 267 2850 Qui
288 2778 346 2837 scis
368 2794 406 2836 an
426 2775 478 2835 tibi
498 2777 571 2837 istuc
583 2775 708 2844 eueniat
729 2776 808 2854 prius
829 2775 919 2853 quim
940 2774 1031 2837 mihi?

118 2876 186 2939 GR.
208 2874 287 2948 Quia
307 2874 469 2954 numquam
491 2877 598 2937 merui:
627 2874 658 2936 ui
680 2875 808 2935 meruisti
829 2886 858 2937 et
878 2874 957 2935 minc
977 2893 1080 2935 meres.

119 2975 187 3036 TR.
210 2972 358 3035 Ouitionis
379 2975 500 3052 operam
521 2974 670 3052 conpendi
690 2975 761 3046 iace,
1090 2983 1123 3033 60

119 3076 185 3137 Nisi
205 3073 331 3136 te-mala
351 3092 382 3135 re
404 3072 513 3152 migne
534 3074 656 3154 mactari
675 3073 767 3150 cupis.

119 3173 187 3236 GR.
209 3171 322 3233 Eruom
343 3171 436 3233 daturi
456 3173 486 3231 si
501 3169 578 3245 istis,
600 3170 696 3232 bubus
718 3168 798 3249 quod
819 3170 920 3243 feram,

119 3271 213 3345 Date;
240 3272 266 3332 si
286 3289 347 3332 non
368 3271 443 3343 estis,
466 3267 542 3346 figite
563 3286 652 3346 porro
672 3265 792 3347 pergite,

120 3370 270 3447 Quoniam
292 3370 462 3448 accepistis:
491 3368 594 3439 bibite,
615 3366 855 3446 pergraecimini.

597 3485 645 3526 ua
