2454 3840
91 188 146 250 111.
161 201 182 250 ι.
199 187 279 274 1-27]
445 190 745 251 MOSTELLARIA

208 398 402 460 DANISTA.
445 396 618 461 TRANIO.
660 400 967 475 THEOROPIDES.

89 540 156 601 DA.
179 539 381 601 Scelestiorem
403 559 460 618 ego
481 540 592 601 annum
614 551 735 619 argento
757 542 867 603 faenori

90 639 261 718 Numquam
283 637 373 698 iillum
394 639 454 699 uidi
475 658 564 718 quam
586 642 633 702 hic
654 641 725 700 mihi
747 660 841 701 annus
862 642 973 720 dptigit.

90 738 118 798 Α
138 736 219 832 ngiuni
240 739 281 797 ad
296 747 412 798 noctem
433 756 526 816 usque
549 740 579 799 in
602 740 666 800 ioro
687 739 763 819 degd
785 740 880 801 diem:

91 833 205 897 Lucire
227 837 341 913 argenti
362 835 473 895 nemini
494 836 648 896 nummum
669 856 757 916 que0.
1044 863 1092 914 535

90 934 159 994 TR.
182 933 270 994 Nunc
286 934 341 1023 261
363 953 420 1013 ego
439 936 514 1019 perii
529 935 623 1028 glane
645 937 675 995 in
691 937 868 1032 Respetudm
890 937 1022 998 modum.

85 1031 215 1113 Danista
235 1033 326 1119 adest,
348 1034 398 1111 qui
416 1031 498 1122 dedit
518 1041 666 1112 argentum
676 1036 808 1113 fulgo-rt}

90 1131 150 1206 Qui
172 1133 294 1192 amicast
314 1141 413 1210 empta
434 1132 553 1212 qudque
573 1144 641 1210 opus
661 1136 692 1192 in
712 1134 839 1211 sumptas
846 1134 923 1214 fuit.

91 1212 260 1290 Manuiesta
280 1249 326 1290 res
347 1241 399 1302 est,
421 1233 476 1290 nisi
498 1232 568 1310 quid
590 1232 715 1292 occurrd
736 1235 824 1310 prius,

91 1329 160 1389 Hoc
181 1327 219 1388 ne
240 1347 330 1389 senex
352 1329 499 1389 resciscat.
540 1329 596 1390 Ibo
616 1331 850 1420 deuiam„
1041 1356 1090 1407 540

92 1428 149 1488 Sed
170 1427 312 1506 quidnam
333 1428 471 1515 Ιι-ιψοε
486 1424 547 1488 tim
569 1429 627 1488 cito
649 1430 751 1507 recipit
772 1429 916 1489 domum?

91 1526 197 1587 Metud
219 1545 256 1586 ne
278 1526 390 1588 dehac
413 1545 443 1586 re
465 1527 617 1604 quippiam
639 1528 839 1610 indaudiuerit.

91 1624 240 1686 Accedam
262 1636 349 1704 atque
370 1625 532 1704 adpellabo.
573 1626 619 1698 Ei,
640 1644 732 1704 quam
753 1626 842 1686 timed
858 1627 968 1710 Dis-²1!

91 1723 171 1784 Nihil
192 1722 237 1784 est
257 1724 389 1784 miserius
410 1741 500 1801 quam
521 1724 636 1783 inimus
656 1722 784 1784 hominis
803 1724 947 1795 cdnscius,

87 1822 181 1919 Q
195 1841 242 1882 me
263 1790 450 1882 n‘za‘lf'habet.
493 1820 604 1881 Verum
625 1832 688 1882 utut
708 1841 754 1882 res
776 1823 838 1882 sese
860 1824 956 1895 habet,
1040 1847 1087 1900 545

91 1920 215 2000 Pergdm
238 1922 354 1981 turbare
375 1920 480 1998 pdrro:
509 1921 548 1980 ita
568 1920 640 1980 haec
661 1938 707 1980 res
728 1921 863 1998 pdstulat.

91 2018 178 2079 Vnde
200 2020 244 2080 is?

194 2117 265 2178 TH.
287 2117 422 2177 Conueni
442 2118 531 2191 illum,
554 2115 633 2178 unde
654 2115 742 2178 hasce
763 2118 844 2178 aedis
864 2116 1014 2181 dmerams

92 2214 161 2275 TR.
183 2214 336 2293 Numquid
358 2216 454 2275 dixisti
474 2216 512 2277 de
533 2216 584 2277 illo
605 2216 685 2294 quod
706 2217 766 2276 dixi
786 2218 857 2278 tibi?

91 2312 164 2374 TH.
185 2314 254 2374 Dixi
275 2313 371 2376 hdrcle
393 2334 474 2388 uero,
496 2316 603 2375 dmnia.

555 2412 622 2473 TR.
644 2413 681 2472 Ei
702 2415 808 2476 miserd
829 2415 915 2474 mihi:

93 2510 197 2572 Metu6
219 2532 256 2573 ne
277 2513 410 2594 tecinnae
430 2510 514 2573 indae
536 2524 676 2591 perpetuo
697 2512 839 2591 perierint.
1042 2539 1092 2590 550

31 2651 34 2657 -
92 2610 164 2670 TH.
187 2610 267 2684 Quid
288 2609 348 2671 tute
368 2612 488 2671 tecum?

418 2708 486 2768 TR.
509 2708 590 2768 Nihil
610 2710 698 2769 enim.
741 2710 799 2770 Sed
820 2712 866 2772 dic
887 2712 975 2793 mihi:

91 2808 209 2868 Dixtine
229 2809 358 2887 quaeso?

296 2906 369 2968 TH.
389 2906 469 2981 Dixi,
492 2908 621 2987 inquam,
644 2908 745 2969 ordine
767 2909 874 2970 dmnia.

91 3005 158 3067 TR.
180 3004 278 3089 Etiiun
299 3006 404 3068 fatetur
424 3006 460 3068 de
481 3007 615 3086 hdspite?

622 3106 692 3166 TH.
715 3106 812 3167 Immo
833 3106 982 3184 pernegat.

92 3204 161 3270 TR.
184 3204 281 3281 Negit
301 3207 447 3265 scelestus?

402 3304 432 3364 T
428 3305 468 3365 H.
491 3303 619 3381 ngr‘tal,
641 3306 771 3381 inquam.

727 3401 792 3462 TR.
813 3401 927 3479 Cdgita.
