2454 3840
136 189 175 244 42
556 183 709 244 PLAVTI
946 181 1016 264 [III.
1029 194 1051 242 8.
1066 203 1136 256 4·n3

135 340 207 401 TH.
228 324 344 419 Ecquid
368 343 509 420 placeant,
530 341 579 401 me
604 344 712 420 rogas?
741 339 838 401 Immo
861 340 958 402 hercle
981 358 1052 400 uero
1071 338 1136 416 per-

297 438 422 517 placent.

135 535 203 598 TR.
225 536 422 610 Quoiusmodi
442 537 645 616 gunaeceum?
687 537 768 611 Quid
788 538 953 617 porticum?

762 635 835 696 TH.
856 632 997 695 Insanum
1017 634 1138 692 bonam.

136 731 206 793 Non
224 733 361 811 equidem
377 733 468 793 ullam
486 734 517 792 in
536 733 654 812 publico
672 729 735 795 esse
752 727 894 794 maiorem
911 733 966 793 hac
984 733 1137 793 existumo.

136 829 204 891 TR.
225 830 308 905 Quin
332 850 390 908 ego
414 832 475 910 ipse
500 843 529 892 et
550 832 732 892 Philolaches
755 832 787 890 in
808 829 926 910 priblico
948 831 1044 891 omnis
1069 829 1138 906 por-

298 931 373 989 ticus
1087 949 1139 1002 910

137 1024 244 1086 Sdmus
265 1026 436 1089 commensi.

338 1122 413 1183 TH.
436 1123 516 1198 Quid
536 1125 641 1201 igitur?

557 1222 624 1282 TR.
645 1221 747 1298 Longe
768 1221 901 1281 omnium
922 1220 1139 1297 longissumast.

135 1319 206 1380 TH.
226 1318 268 1379 Di
284 1320 464 1391 inmortales,
479 1318 650 1386 mercimoni
665 1318 772 1396 lepidi!
814 1319 854 1378 Si
866 1319 960 1379 hercle
975 1317 1052 1378 nunc
1066 1318 1140 1377 ierat

136 1418 194 1480 de
215 1417 322 1478 talenta
342 1416 451 1496 magna
472 1419 581 1495 argenti
603 1436 657 1494 pro
677 1417 739 1477 istis
759 1416 961 1495 praesentaria,

135 1515 307 1594 Nrimquam
328 1515 479 1593 accipiam.

229 1613 297 1673 TR.
322 1612 352 1672 Si
373 1612 467 1673 hercle
489 1615 621 1690 accipere
643 1611 752 1690 eripias
774 1631 830 1690 ego
852 1611 1014 1690 numquam
1035 1612 1139 1673 sinam.

136 1712 210 1772 TH.
230 1711 311 1771 Bene
332 1730 377 1771 res
399 1721 498 1770 nostra
519 1712 699 1772 conlocatast
720 1709 1015 1771 istoc'mercimdnio.
1087 1735 1138 1784 915

137 1811 206 1870 TR.
227 1808 279 1869 Me
300 1828 418 1870 suasore
437 1820 524 1887 atque
543 1810 690 1886 inpulsore
709 1809 740 1868 id
758 1810 867 1870 fictum
886 1810 1021 1868 audacter
1039 1808 1140 1882 dicito,

137 1910 200 1984 Qui
221 1910 323 1985 subegi
344 1908 462 1968 faenore
484 1920 636 1985 argentum
657 1908 695 1969 ab
716 1908 830 1968 danista
850 1917 882 1967 ut
902 1906 1037 1978 sumeret,

137 2007 228 2081 Quod
246 2008 297 2094 Q
315 2006 448 2066 dedimus
470 2005 613 2066 arraboni.
1012 2003 1015 2008 ’

304 2063 770 2294 mouisti
792 2103 911 2163 omnem
932 2112 1032 2162 ratem.

138 2202 255 2280 Nempe
277 2200 426 2278 octoginta
447 2201 541 2261 deben
677 2203 817 2287 ‚minaei

308 2359 311 2364 .
682 2300 751 2360 TR.
772 2300 841 2359 Hau
862 2318 985 2358 nummo
1006 2298 1143 2377 amplius.

142 2401 209 2459 TH.
233 2399 332 2461 Hodie
353 2400 484 2477 accipiat.
745 2464 747 2466 ,

346 2498 415 2558 TR.
436 2485 481 2557 ita
502 2498 633 2556 enimuer
654 2544 661 2569 ,
682 2496 720 2556 ne
741 2515 801 2574 qua
821 2513 909 2575 capsa
931 2495 1048 2572 sripsiet.
1091 2522 1145 2572 920

139 2598 193 2657 Vel
215 2597 286 2656 mihi
309 2595 515 2656 denumerito:
543 2613 600 2672 ego
621 2596 662 2654 ili
684 2595 771 2672 porro
792 2593 1031 2654 denumeriuero

139 2695 211 2755 TH.
233 2682 273 2754 nt
294 2695 372 2754 enim
393 2655 776 2785 Qut
797 2693 843 2766 sit,
864 2694 888 2751 st
910 2692 1037 2752 uenerem
1059 2694 1122 2752 tur.

139 2794 208 2857 TR.
229 2777 335 2871 Egone
356 2804 384 2852 te
405 2793 502 2852 ioculo
523 2793 615 2853 modo
637 2793 730 2852 ausim
752 2792 831 2851 dicto
855 2801 904 2851 aut
923 2789 1001 2850 iacto
1021 2790 1144 2852 saliere?

139 2892 210 2951 TH.
231 2875 337 2968 Egone
358 2909 410 2968 aps
431 2901 459 2950 te
480 2891 574 2949 ausim
596 2890 656 2950 non
677 2909 789 2963 cauere,
809 2889 846 2950 ne
868 2888 940 2968 quid
958 2890 1145 2983 committitm

303 2990 376 3048 tibi?

140 3088 208 3148 TR.
230 3088 309 3161 Quia
334 3089 385 3148 tibi
413 3105 575 3166 numquam
603 3088 771 3166 quidquam,
794 3098 951 3166 postquam
975 3085 1043 3148 tdos
1068 3108 1145 3164 sum,

220 3155 459 3246 fuerbomm
481 3185 556 3246 dedi.
1093 3212 1145 3264 9²5

144 3285 212 3344 TH.
232 3267 299 3363 Ego
318 3285 398 3362 ew
419 3285 484 3344 caui
505 3284 590 3344 recte.
628 3256 798 3560 'TEam
822 3286 866 3343 mi
885 3284 994 3344 habeas
1018 3284 1147 3361 gratiam

742 3360 799 3387 οη

358 3401 372 3441 u
409 3382 508 3444 animo
529 3401 604 3442 meo.

371 3372 410 3606 i
512 3531 534 3576 κ,

446 3762 474 3787 ν
486 3720 496 3749 ι
