2454 3840
160 37 224 159 ἵ

118 164 546 277 111.'a.24-2s;1v.2.24-30]
601 193 903 256 nosruumnra
1081 203 1119 258 43

107 334 190 441 W
213 350 264 412 set
285 352 377 431 sapio,
399 353 423 413 si
444 372 497 432 aps
518 354 547 413 te
568 353 657 414 modo
678 372 738 414 uno
758 353 858 415 cauco.
999 367 1121 429 9²72928

768 452 844 513 TR.·
858 453 974 532 Tecum
996 452 1099 514 sentio.

121 546 188 607 TH.
209 545 453 656 NQ:
482 549 529 610 dic
550 567 598 609 me
619 547 772 609 eduenisse
793 549 864 609 illio.
891 534 955 557 ”⁷

124 649 127 655 '
268 708 273 718 ,
747 647 815 706 TR.
837 647 956 707 Faciam
977 645 1009 706 dt
1029 648 1120 707 iubes.

117 742 189 805 TH.
211 741 364 806 curriculo
377 744 444 804 iube
458 745 490 805 in
503 743 605 805 drbem
619 745 719 804 ueniat
733 744 791 805 iem
805 746 891 804 simul
905 743 1009 805 tectim.
1070 768 1120 822 930

938 842 1006 902 TR.
1028 842 1119 903 Licet.

117 937 205 1018 Nunc
221 958 278 1017 ego
294 959 342 1001 me
360 940 426 1001 illac
446 939 498 1019 per
517 941 661 1019 posticum
680 939 718 1002 ad
735 941 932 1018 cengerrones
951 941 1116 1001 cesseram:

117 1037 223 1099 Dicam
243 1049 275 1098 ut
299 1039 367 1098 hinc
391 1058 437 1099 res
461 1040 518 1100 sint
544 1040 658 1117 quietae
681 1051 769 1118 atque
793 1037 871 1100 hene
892 1049 924 1098 ut
945 1040 1014 1099 hinc
1036 1041 1130 1113 ame-¹

279 1155 381 1196 uerrm.

116 1430 190 1494 PH.
223 1431 282 1492 Hic
314 1431 432 1511 quidem
467 1449 562 1510 neque
596 1430 788 1491 cenuiuarum
823 1430 952 1503 senitust,
987 1433 1055 1492 item
1086 1441 1118 1490 ut

279 1528 402 1590 antehec
423 1529 484 1603 suit,
651 1583 673 1602 ,.

117 1628 222 1708 Neque
243 1627 393 1688 tibicinem
411 1636 578 1688 cantantem
600 1597 696 1705 neeiue
718 1625 805 1686 alium
824 1645 1001 1705 quemquam
1022 1625 1119 1688 aridio.

117 1727 189 1788 TH.
211 1726 297 1800 Quae
318 1727 400 1786 illaec
423 1745 470 1787 res
493 1728 556 1786 est?
599 1726 680 1798 Quld
705 1725 794 1807 illisce
819 1725 954 1786 homines
978 1726 1118 1804 quaerunt

281 1825 359 1903 apud
381 1825 461 1885 aedis
482 1826 584 1884 meas?
1069 1846 1118 1898 935

118 1924 199 1998 Qutd
221 1923 342 1983 uolunt?
384 1922 464 1995 Quid
487 1922 719 2000 introspectant?

605 2021 697 2081 PIN.
719 2020 843 2098 Pergam
865 2021 977 2099 pultare
999 2020 1117 2080 estium.

118 2120 211 2196 Heres,
234 2121 369 2182 reclude:
398 2121 479 2194 heus,
502 2119 624 2192 Tremo,
646 2121 771 2180 etiamne
792 2119 906 2196 aperis?

641 2218 712 2278 TH.
733 2220 819 2293 Quae
840 2218 912 2278 haec
933 2229 977 2278 est
997 2217 1118 2279 fibula?

117 2318 209 2380 PIN.
232 2302 367 2378 Etiamne
385 2317 498 2395 aperis?
540 2315 723 2377 Callidamati
743 2318 842 2377 nestro
862 2298 1117 2378 aduorsiir'fu'effi-

279 2434 353 2478 mus.

119 2516 191 2576 TH.
216 2511 301 2575 Heds
321 2532 385 2586 uos,
406 2514 497 2592 pueri,
519 2513 590 2592 quld
612 2513 681 2593 istic¹
697 2513 803 2590 agitis?
847 2512 928 2586 Quid
950 2513 1018 2572 istas
1039 2514 1119 2573 aedis

280 2612 433 2689 frangitis?
679 2654 681 2659 2

118 2713 194 2773 PH.
215 2712 298 2772 Hees
329 2729 428 2782 senex,
458 2708 528 2787 quid
556 2707 587 2769 td
615 2718 785 2785 percontare
817 2707 855 2768 ed
882 2719 910 2769 te
938 2710 1017 2787 quod
1047 2710 1118 2768 nihil

283 2808 405 2868 attinet?
1068 2831 1118 2883 940

123 2910 190 2971 ΊΗ.
212 2907 293 2968 Nihil
315 2907 352 2968 ad
373 2924 421 2966 me
442 2904 562 2966 attinet?

434 3004 507 3063 PH.
530 3002 595 3064 Nisi
615 3005 691 3064 forte
710 3003 812 3064 iectu’s
833 3001 993 3081 praelectus
1015 3022 1118 3074 nouos,

120 3106 183 3180 Qui
202 3123 248 3165 res
269 3101 377 3164 alienes
397 3120 543 3181 procures,
564 3101 696 3180 quaeras,
717 3101 825 3173 uideas,
845 3082 956 3161 initias.

124 3204 192 3265 TH.
213 3203 282 3286 Nen
301 3212 367 3263 runt
388 3203 460 3290 istae
481 3203 572 3289 aedes
583 3201 634 3260 ubi
654 3201 743 3261 statis.

222 3280 407 3308 W
568 3301 634 3360 PH.
656 3299 738 3374 Quid
758 3300 822 3374 arsi
850 3317 888 3357 an
910 3298 968 3357 ram
989 3294 1120 3356 uenatus

122 3401 212 3462 Aedis
225 3397 436 3463 Philolaches?
459 3409 509 3458 aut
529 3398 648 3477 quidem
669 3397 722 3458 iste
741 3396 797 3456 nes
815 3393 1002 3455 defrustrattlr
1020 3411 1119 3454 senex.

652 3486 1070 3701 smfflma

764 3675 962 3804 'th
969 3690 1036 3800 ἐὺ
