2454 3840
124 36 189 140 ὃ(

83 146 511 277 111.²a24-2a;1v‚2.24-30]
566 194 868 258 nosrnmnun
1047 206 1084 262 43

72 332 155 440 W.
178 349 228 411 Sdt
249 351 341 430 sapio,
363 353 388 413 si
409 372 462 431 aps
482 352 511 413 te
532 354 622 414 modo
642 372 703 415 uno
723 355 823 417 caneo.
963 379 1022 432 927,
1034 370 1085 432 928

733 452 808 514 TR.·
824 455 939 535 Tecum
960 454 1063 517 sentio.

85 544 153 606 ΤΗ.
174 544 417 655 NQ:
446 549 493 610 dic
514 566 563 609 me
584 547 736 610 aduenisse
757 550 828 611 silio.
856 535 919 559 Μ

88 647 91 653 ’
232 707 237 717 ,
712 647 780 708 TR.
801 649 921 708 Faciam
941 647 972 709 dt
994 650 1084 710 iubes.

81 740 153 804 ΤΗ.
175 740 328 805 Cr'uriculo
342 743 409 804 iube
423 745 454 804 in
467 743 569 806 urbem
583 745 683 806 ueniat
697 745 755 806 iam
769 747 855 807 simul
870 745 974 808 tectim.
1034 771 1084 824 930

902 844 970 904 TR.
991 844 1082 906 Licet.

80 936 169 999 Nunc
185 958 241 1018 ego
258 958 306 1000 me
324 940 389 1001 illac
409 939 463 1018 per
480 941 626 1019 posticum
644 942 682 1001 ad
699 942 896 1020 cdngerrones
915 944 1080 1004 canteram:

81 1036 187 1099 Dicam
207 1048 238 1097 ut
262 1039 331 1098 hinc
354 1057 401 1100 res
425 1040 482 1100 sint
508 1041 622 1117 quietae
645 1051 733 1119 atque
757 1039 887 1101 hainaut
909 1041 1094 1116 hincamdq

243 1154 344 1196 uenm.

79 1429 153 1492 PH.
186 1429 245 1491 Hic
277 1431 396 1509 quidem
430 1449 526 1509 neque
559 1430 751 1492 cdnuiuarum
787 1432 916 1505 adnitust,
950 1435 1018 1494 item
1050 1445 1082 1494 ut

242 1527 365 1589 antehac
386 1529 447 1602 suit,
615 1584 636 1603 ,.

79 1627 184 1706 Neque
205 1628 356 1688 tibicinam
374 1637 541 1688 cantantem
563 1598 659 1706 ndq‘ue
680 1627 768 1688 alium
788 1648 965 1707 quemquam
985 1628 1081 1690 addio.

80 1726 151 1787 TH.
174 1725 259 1799 Quae
280 1727 362 1787 illaec
387 1745 433 1788 res
455 1727 519 1786 est?
562 1725 643 1798 Quid
668 1727 757 1809 illisce
782 1728 916 1791 homines
941 1728 1081 1807 quaerunt

243 1824 322 1902 apud
343 1825 424 1884 aedis
444 1827 547 1885 meas?
1032 1849 1081 1901 935

80 1922 162 1997 Qutd
183 1923 304 1983 uolunt?
346 1923 427 1995 Quid
449 1925 682 2000 introspectent?

568 2022 659 2083 PIN.
682 2022 806 2100 Pergam
827 2023 940 2102 pultare
962 2023 1079 2084 6stium.

80 2119 173 2196 Heds,
196 2121 330 2182 reclude:
361 2122 441 2194 heus,
465 2121 586 2193 Tranio,
608 2122 733 2182 etiamne
755 2122 868 2199 aperis?

603 2219 674 2280 TH.
696 2221 781 2296 Quae
803 2221 874 2281 haec
895 2232 939 2281 est
960 2221 1080 2282 sabula?

79 2317 171 2378 PIN.
194 2302 329 2377 Etiamne
347 2318 461 2395 aperis?
503 2316 685 2377 Callidamati
705 2319 804 2379 n6stro
824 2302 1079 2381 aduorsrurssassffi-

241 2434 315 2479 mus.

80 2514 152 2575 TH.
177 2511 262 2575 Heus
283 2531 346 2587 uos,
368 2515 459 2592 pueri,
480 2515 552 2592 quid
574 2515 637 2574 istic
659 2515 765 2591 agitis?
808 2515 890 2588 Quid
912 2516 980 2575 istas
1001 2517 1080 2576 aedis

241 2611 395 2690 frangitis?

79 2711 155 2772 ΡΗ.
175 2711 260 2772 Heus
290 2729 389 2783 senex,
419 2709 489 2788 quid
517 2709 548 2770 tri
576 2721 747 2788 percontare
778 2710 816 2770 ad
843 2721 871 2771 te
900 2712 979 2790 quod
1008 2713 1079 2772 nihii

244 2807 366 2869 attinet?
1029 2834 1080 2886 940

85 2908 151 2969 ΤΗ.
174 2907 255 2967 Nihil
276 2907 313 2968 ad
334 2926 381 2968 me
403 2906 522 2968 attinet?

394 3004 468 3064 PH.
492 3004 556 3065 Nisi
576 3006 652 3066 forte
672 3005 773 3066 sactu’s
794 3005 954 3082 praesectis
975 3025 1079 3079 nouos,

80 3105 144 3178 Qui
164 3122 209 3166 res
229 3102 338 3164 alienas
358 3122 504 3182 procures,
525 3103 656 3181 quaeras,
678 3104 786 3176 uideas,
806 3084 916 3164 audias.

85 3203 153 3264 TH.
173 3202 242 3286 Ntn
262 3213 328 3263 sunt
349 3203 420 3287 istae
442 3203 533 3289 iffi„
544 3203 595 3262 ubi
615 3204 704 3263 statis.

183 3280 385 3307 “⁸⁶'‘
529 3302 595 3361 PH.
616 3302 698 3375 Qun
718 3302 782 3377 aar
810 3320 849 3359 an
870 3301 928 3361 ram
949 3298 1080 3359 uendidit

82 3399 173 3462 Aedis
186 3398 396 3462 Philolaches?
419 3409 469 3460 aut
490 3398 608 3477 quidem
629 3400 682 3461 iste
701 3398 757 3459 n6s
775 3397 962 3459 defrustratur
980 3417 1080 3458 senex.
