2454 3840
123 33 187 137 θ’

81 140 510 274 111.²o.24-2a;1V.2.24-30]
565 191 866 255 moeremium
1045 204 1082 259 43

70 329 153 437 fi.
176 346 227 408 Sit
248 349 340 427 sapio,
362 350 386 410 si
407 369 461 429 aps
480 348 510 411 te
531 351 620 411 modo
640 371 701 413 uno
721 351 822 414 caueo.
961 376 1021 430 927,
1033 367 1083 429 928

731 450 807 512 TR.·
822 452 937 531 Tecum
959 451 1061 514 sentio.

83 541 151 603 ΤΗ.
172 541 415 652 NQQ:
444 545 491 606 dic
512 563 561 606 me
582 544 734 607 iduenisse
755 548 827 608 lilio.
854 532 918 556 ‘⁸‘

86 645 89 650 ’
231 705 235 714 ,
710 644 778 705 TR.
800 646 919 705 Faciam
940 644 972 706 rit
992 647 1082 706 iubes.

79 738 151 801 TH.
173 736 326 802 Curriculo
340 741 407 801 iube
421 742 452 802 in
465 741 568 802 irbem
582 742 681 802 ueniat
695 742 753 803 iim
768 744 854 803 simul
868 742 972 804 tectim.
1033 768 1082 821 930

901 841 968 901 TR.
990 841 1081 904 Licet.

79 934 167 996 Nrinc
183 955 240 1014 ego
256 955 304 997 me
322 936 388 997 illac
408 936 461 1016 per
478 939 624 1016 posticum
643 939 680 1000 ad
697 939 895 1017 cdngerrones
913 940 1079 1001 conseram:

79 1033 185 1094 Dicam
205 1044 237 1094 ut
261 1035 329 1095 hinc
353 1054 399 1096 res
424 1038 481 1096 sint
506 1038 620 1114 quietae
644 1049 731 1116 atque
755 1037 833 1099 hrinc
854 1049 886 1098 ut
907 1039 976 1099 hinc
998 1040 1092 1114 amd-¹

241 1151 342 1193 uenm.

77 1426 152 1489 PH.
184 1426 244 1488 Hic
276 1428 394 1506 quidem
429 1446 524 1506 neque
558 1427 750 1489 conuiuamm
785 1429 914 1503 sonitust,
948 1433 1017 1492 item
1048 1442 1080 1492 ut

240 1525 363 1587 antehac
384 1526 446 1600 suit,
613 1581 634 1601 ,.

78 1623 183 1703 Neque
204 1623 354 1686 tibicinam
373 1634 539 1686 cantantem
561 1596 657 1704 ngq‘ue
679 1624 766 1685 alium
786 1645 963 1704 quemquam
984 1626 1080 1688 aridio.

78 1722 150 1784 TH.
173 1722 258 1796 Quae
279 1724 361 1784 illaec
384 1743 431 1784 res
454 1725 517 1784 est?
560 1723 641 1796 Quid
666 1725 755 1806 illisce
781 1725 914 1786 homines
939 1726 1079 1804 quaemnt

242 1822 320 1898 apud
342 1823 422 1882 aedis
443 1824 545 1882 meas?
1030 1847 1079 1898 935

78 1919 160 1994 Quid
182 1920 303 1980 uolunt?
344 1920 426 1992 Quid
447 1921 680 1998 introspectent?

566 2019 657 2080 PIN.
680 2019 804 2097 Pergam
825 2020 938 2099 pultare
959 2020 1077 2082 datium.

79 2116 171 2192 Herio,
195 2118 329 2179 reclude:
359 2119 439 2191 heus,
463 2117 584 2190 Tranio,
606 2119 732 2180 etiamne
753 2119 867 2196 aperis?

601 2216 672 2276 TH.
695 2218 779 2293 Quae
801 2218 873 2278 haec
894 2229 937 2278 est
958 2218 1078 2279 sibula?

78 2314 169 2376 PlN.
193 2298 327 2374 Etiamne
345 2315 459 2392 aperis?
501 2313 683 2374 Callidamati
703 2317 803 2376 nostro
822 2298 1078 2378 aduorsrffir‘i'e'il-

239 2431 314 2475 mus.

79 2511 151 2573 TH.
175 2508 260 2572 Heris
282 2529 344 2583 uos,
366 2511 456 2590 pueri,
479 2512 549 2589 quid
572 2512 641 2589 istic·
657 2512 763 2588 agitis?
807 2512 888 2585 Quid
910 2513 978 2572 istas
999 2514 1079 2573 aedis

239 2608 393 2687 frangitis?

78 2708 153 2769 PH.
174 2708 258 2769 Hem
289 2726 387 2781 senex,
417 2707 488 2785 quid
515 2706 546 2768 tri
574 2717 745 2784 percontare
777 2707 814 2768 ad
841 2718 870 2769 te
898 2710 978 2787 quod
1006 2710 1077 2769 nihil

243 2805 364 2866 attinet?
1027 2831 1078 2883 940

83 2905 149 2966 ΤΗ.
172 2904 253 2964 Nihil
274 2905 310 2965 ad
332 2923 379 2965 me
401 2903 521 2965 attinet?

393 3001 466 3061 PH.
489 3001 554 3062 Nisi
574 3003 650 3063 lorte
670 3002 771 3063 iictu’a
792 3001 953 3080 praelectus
973 3022 1077 3076 nouos

79 3101 142 3174 Qui
162 3119 207 3162 res
228 3099 336 3161 alienas
356 3119 502 3179 procures,
523 3099 654 3178 quaeras,
676 3101 784 3173 uideas,
804 3081 915 3161 'aid-ias.

83 3200 151 3261 TH.
171 3200 240 3283 Ndn
260 3210 326 3260 sunt
347 3201 418 3287 istae
440 3200 531 3285 aedis
542 3200 593 3259 ubi
613 3201 702 3260 statis.

181 3278 366 3305 *ww
527 3298 593 3358 PH.
615 3299 696 3372 Qun
717 3299 781 3373 ars?
809 3317 847 3357 an
869 3299 926 3358 nm
948 3295 1079 3356 uendidit

80 3396 171 3458 Aedis
183 3395 395 3460 Philolaches?
417 3406 467 3456 aut
488 3396 606 3474 quidem
628 3397 680 3457 iste
699 3395 755 3456 nos
773 3395 960 3456 defrustratur
978 3414 1078 3455 senex.
